@InProceedings{Hinrichs_GCMS_09,
 author = {Hinrichs, Timothy L. and Gude, Natasha S. and Casado, Martin and 
     Mitchell, John C. and Shenker, Scott},
 title = {Practical Declarative Network Management},
 booktitle = {WREN'09},
 year = {2009},
 address = {Barcelona, Spain}
} 

@InProceedings{Smolka_EFG_15,
 author = {Smolka, Steffen and Eliopoulos, Spiridon and Foster, Nate and Guha, 
     Arjun},
 title = {A Fast Compiler for {NetKAT}},
 booktitle = {ICFP'15},
 year = {2015},
 address = {Vancouver, BC, Canada}
} 

@InProceedings{Jin_LVR_13,
 author = {Jin, Xin and Li, Li Erran and Vanbever, Laurent and Rexford, 
     Jennifer},
 title = {{SoftCell}: Scalable and Flexible Cellular Core Network 
     Architecture},
 booktitle = {CoNEXT '13},
 year = {2013},
 address = {Santa Barbara, California, USA}
} 

@InProceedings{Jain_KMOPSVWZZZHSV_13,
 author = {Jain, Sushant and Kumar, Alok and Mandal, Subhasree and Ong, Joon and Poutievski, Leon and Singh, Arjun and Venkata, Subbaiah and Wanderer, Jim and Zhou, Junlan and Zhu, Min and Zolla, Jon and H\"{o}lzle, Urs and Stuart, Stephen and Vahdat, Amin},
 title = {B4: Experience with a Globally-deployed Software Defined {WAN}},
 booktitle = {SIGCOMM'13},
 year = {2013},
 address = {Hong Kong, China}
} 

@InProceedings{Gupta_MBCFRV_16,
 author = {Arpit Gupta and Robert MacDavid and RÃ¼diger Birkner and Marco Canini 
     and Nick Feamster and Jennifer Rexford and Laurent Vanbever},
 title = {An Industrial-Scale Software Defined Internet Exchange Point},
 booktitle = {NSDI'16},
 year = {2016},
 address = {Santa Clara, CA, USA}
} 

@misc{neutron,
    key             = {OpenStack},
    title           = {OpenStack Docs: Networking service command-line client},
    howpublished    = 
    {\url{http://docs.openstack.org/cli-reference/neutron.html}}
}


@InProceedings{Nelson_FSK_14,
 author = {Nelson, Tim and Ferguson, Andrew D. and Scheer, Michael J. G. and 
     Krishnamurthi, Shriram},
 title = {Tierless Programming and Reasoning for Software-defined Networks},
 booktitle = {NSDI'14},
 year = {2014},
 address = {Seattle, WA}
} 

@inproceedings{Voellmy_WYFH_13,
 author = {Voellmy, Andreas and Wang, Junchang and Yang, Y Richard and Ford, 
     Bryan and Hudak, Paul},
 title = {Maple: Simplifying SDN Programming Using Algorithmic Policies},
 booktitle = {SIGCOMM'13},
 year = {2013},
 address = {Hong Kong, China}
} 

@inproceedings{Ball_BGIKSSV_14,
 author = {Ball, Thomas and Bj{\o}rner, Nikolaj and Gember, Aaron and Itzhaky, 
     Shachar and Karbyshev, Aleksandr and Sagiv, Mooly and Schapira, Michael 
         and Valadarsky, Asaf},
 title = {{VeriCon}: Towards Verifying Controller Programs in Software-defined 
     Networks},
 booktitle = {PLDI'14},
 year = {2014},
 address = {Edinburgh, United Kingdom}
} 

@InProceedings{Anderson_FGJKSW_14,
 author = {Anderson, Carolyn Jane and Foster, Nate and Guha, Arjun and Jeannin, 
     Jean-Baptiste and Kozen, Dexter and Schlesinger, Cole and Walker, David},
 title = {NetKAT: Semantic Foundations for Networks},
 booktitle = {POPL'14},
 year = {2014},
 address = {San Diego, CA, USA}
}

@InProceedings{Lal_QL_12,
 author = {Lal, Akash and Qadeer, Shaz and Lahiri, Shuvendu K.},
 title = {A Solver for Reachability Modulo Theories},
 booktitle = {CAV'12},
 year = {2012},
 address = {Berkeley, CA, USA}
} 

@Article{Bosshart_DGIMRSTVVW_14,
 author = {Bosshart, Pat and Daly, Dan and Gibb, Glen and Izzard, Martin and 
     McKeown, Nick and Rexford, Jennifer and Schlesinger, Cole and Talayco, Dan 
         and Vahdat, Amin and Varghese, George and Walker, David},
 title = {P4: Programming Protocol-independent Packet Processors},
 journal = {SIGCOMM Comput. Commun. Rev.},
 volume = {44},
 number = {3},
 month = jul,
 year = {2014},
 pages = {87--95}
} 

